@article{RN57,
   author = {Pu, M. and Messer, K. and Davies, S. R. and Vickery, T. L. and Pittman, E. and Parker, B. A. and Ellis, M. J. and Flatt, S. W. and Marinac, C. R. and Nelson, S. H. and Mardis, E. R. and Pierce, J. P. and Natarajan, L.},
   title = {Research-based PAM50 signature and long-term breast cancer survival},
   journal = {Breast Cancer Res Treat},
   volume = {179},
   number = {1},
   pages = {197-206},
   ISSN = {0167-6806 (Print) 0167-6806},
   DOI = {10.1007/s10549-019-05446-y},
   year = {2020},
   type = {Journal Article}
}
